@article{Weekes:1989tc,
      author         = "Weekes, T. C. and others",
      title          = "{Observation of TeV gamma rays from the Crab nebula using
                        the atmospheric Cerenkov imaging technique}",
      journal        = "Astrophys. J.",
      volume         = "342",
      year           = "1989",
      pages          = "379-395",
      doi            = "10.1086/167599",
      SLACcitation   = "%%CITATION = ASJOA,342,379;%%"
}
@article{Gould:1967zzb,
	author       = {Gould, Robert J. and Schreder, Gerard P.},
	journal      = {Phys. Rev.},
	pages        = {1404-1407},
	title        = {Pair Production in Photon-Photon Collisions},
	volume       = {155},
	year         = {1967},
	Doi          = {10.1103/PhysRev.155.1404},
	SLACcitation = {%%CITATION = PHRVA,155,1404;%%},
}

@article{Franceschini:2008tp,
	author        = {Franceschini, Alberto and Rodighiero, Giulia and Vaccari, Mattia},
	journal       = {Astron. Astrophys.},
	pages         = {837},
	title         = {The extragalactic optical-infrared background radiations, their time evolution and the cosmic photon-photon opacity},
	volume        = {487},
	year          = {2008},
	Doi           = {10.1051/0004-6361:200809691},
	eprint        = {0805.1841},
	archivePrefix = {arXiv},
	primaryClass  = {astro-ph},
	SLACcitation  = {%%CITATION = ARXIV:0805.1841;%%},
}

@article{Mathis:1983fx,
	author       = {Mathis, J. S. and Mezger, P. G. and Panagia, N.},
	journal      = {Astron. Astrophys.},
	pages        = {212-229},
	title        = {Interstellar radiation field and dust temperatures in the diffuse interstellar matter and in giant molecular clouds},
	volume       = {128},
	year         = {1983},
	SLACcitation = {%%CITATION = AAEJA,128,212;%%},
}

@article{Abeysekara:2017mjj,
	author        = {Abeysekara, A. U. and others},
	journal       = {Astrophys. J.},
	number        = {1},
	pages         = {39},
	title         = {Observation of the Crab Nebula with the HAWC Gamma-Ray Observatory},
	volume        = {843},
	year          = {2017},
	Doi           = {10.3847/1538-4357/aa7555},
	eprint        = {1701.01778},
	archivePrefix = {arXiv},
	primaryClass  = {astro-ph.HE},
	SLACcitation  = {%%CITATION = ARXIV:1701.01778;%%},
}

@article{Capistran:2015dua,
	author        = {Capistrán, Tomás and Torres, Ibrahim and Altamirano, Leopoldo},
	booktitle     = {Proceedings, 34th International Cosmic Ray Conference (ICRC 2015): The Hague, The Netherlands, July 30-August 6, 2015},
	journal       = {PoS},
	pages         = {991},
	title         = {New method for Gamma/Hadron separation in HAWC using neural networks},
	volume        = {ICRC2015},
	year          = {2016},
	Doi           = {10.22323/1.236.0991},
	eprint        = {1508.04370},
	archivePrefix = {arXiv},
	primaryClass  = {astro-ph.IM},
	SLACcitation  = {%%CITATION = ARXIV:1508.04370;%%},
	reportNumber  = {HAWC-ICRC-2015-0692},
	collaboration = {HAWC},
}

@article{TheDAMPE:2017dtc,
	title         = {The DArk Matter Particle Explorer mission},
	year          = {2017},
	eprint        = {1706.08453},
	archivePrefix = {arXiv},
	primaryClass  = {astro-ph.IM},
	SLACcitation  = {%%CITATION = ARXIV:1706.08453;%%},
	collaboration = {The DAMPE},
}

@article{Aguilar:2015ooa,
	author        = {Aguilar, M.},
	journal       = {Phys.Rev.Lett.},
	number        = {17},
	pages         = {171103},
	title         = {Precision Measurement of the Proton Flux in Primary Cosmic Rays from Rigidity 1 GV to 1.8 TV with the Alpha Magnetic Spectrometer on the International Space Station},
	volume        = {114},
	year          = {2015},
	Doi           = {10.1103/PhysRevLett.114.171103},
	SLACcitation  = {%%CITATION = PRLTA,114,171103;%%},
	collaboration = {AMS},
}


@article{Martinez:2009jh,
      author         = "Martinez, Gregory D. and Bullock, James S. and
                        Kaplinghat, Manoj and Strigari, Louis E. and Trotta,
                        Roberto",
      title          = "{Indirect Dark Matter Detection from Dwarf Satellites:
                        Joint Expectations from Astrophysics and Supersymmetry}",
      journal        = "JCAP",
      volume         = "0906",
      year           = "2009",
      pages          = "014",
      doi            = "10.1088/1475-7516/2009/06/014",
      eprint         = "0902.4715",
      archivePrefix  = "arXiv",
      primaryClass   = "astro-ph.HE",
      SLACcitation   = "%%CITATION = ARXIV:0902.4715;%%"
}

@article{Strigari:2013iaa,
      author         = "Strigari, Louis E.",
      title          = "{Galactic Searches for Dark Matter}",
      journal        = "Phys. Rept.",
      volume         = "531",
      year           = "2013",
      pages          = "1-88",
      doi            = "10.1016/j.physrep.2013.05.004",
      eprint         = "1211.7090",
      archivePrefix  = "arXiv",
      primaryClass   = "astro-ph.CO",
      SLACcitation   = "%%CITATION = ARXIV:1211.7090;%%"
}

@article{Baring:2015sza,
      author         = "Baring, Matthew G. and Ghosh, Tathagata and Queiroz,
                        Farinaldo S. and Sinha, Kuver",
      title          = "{New Limits on the Dark Matter Lifetime from Dwarf
                        Spheroidal Galaxies using Fermi-LAT}",
      journal        = "Phys. Rev. D",
      volume         = "93",
      year           = "2016",
      number         = "10",
      pages          = "103009",
      doi            = "10.1103/PhysRevD.93.103009",
      eprint         = "1510.00389",
      archivePrefix  = "arXiv",
      primaryClass   = "hep-ph",
      reportNumber   = "CETUP2015-025",
      SLACcitation   = "%%CITATION = ARXIV:1510.00389;%%"
}

@article{Ibarra:2013cra,
      author         = "Ibarra, Alejandro and Tran, David and Weniger, Christoph",
      title          = "{Indirect Searches for Decaying Dark Matter}",
      journal        = "Int. J. Mod. Phys. A",
      volume         = "28",
      year           = "2013",
      pages          = "1330040",
      doi            = "10.1142/S0217751X13300408",
      eprint         = "1307.6434",
      archivePrefix  = "arXiv",
      primaryClass   = "hep-ph",
      SLACcitation   = "%%CITATION = ARXIV:1307.6434;%%"
}

@article{He:2019dya,
      author         = "He, Dong-Ze and Bi, Xiao-Jun and Lin, Su-Jie and Yin,
                        Peng-Fei and Zhang, Xin",
      title          = "{Prospect for dark matter signatures from dwarf galaxies
                        by LHAASO}",
      year           = "2019",
      eprint         = "1903.11910",
      archivePrefix  = "arXiv",
      primaryClass   = "astro-ph.HE",
      SLACcitation   = "%%CITATION = ARXIV:1903.11910;%%"
}

@article{Navarro:1996gj,
      author         = "Navarro, Julio F. and Frenk, Carlos S. and White, Simon
                        D. M.",
      title          = "{A Universal density profile from hierarchical
                        clustering}",
      journal        = "Astrophys. J.",
      volume         = "490",
      year           = "1997",
      pages          = "493-508",
      doi            = "10.1086/304888",
      eprint         = "astro-ph/9611107",
      archivePrefix  = "arXiv",
      primaryClass   = "astro-ph",
      SLACcitation   = "%%CITATION = ASTRO-PH/9611107;%%"
}

@article{Esmaili:2013gha,
      author         = "Esmaili, Arman and Serpico, Pasquale Dario",
      title          = "{Are IceCube neutrinos unveiling PeV-scale decaying dark
                        matter?}",
      journal        = "JCAP",
      volume         = "1311",
      year           = "2013",
      pages          = "054",
      doi            = "10.1088/1475-7516/2013/11/054",
      eprint         = "1308.1105",
      archivePrefix  = "arXiv",
      primaryClass   = "hep-ph",
      SLACcitation   = "%%CITATION = ARXIV:1308.1105;%%"
}
@article{Bai:2013nga,
      author         = "Bai, Yang and Lu, Ran and Salvado, Jordi",
      title          = "{Geometric Compatibility of IceCube TeV-PeV Neutrino
                        Excess and its Galactic Dark Matter Origin}",
      journal        = "JHEP",
      volume         = "01",
      year           = "2016",
      pages          = "161",
      doi            = "10.1007/JHEP01(2016)161",
      eprint         = "1311.5864",
      archivePrefix  = "arXiv",
      primaryClass   = "hep-ph",
      SLACcitation   = "%%CITATION = ARXIV:1311.5864;%%"
}

@article{Boucenna:2015tra,
      author         = "Boucenna, Sofiane M. and Chianese, Marco and Mangano,
                        Gianpiero and Miele, Gennaro and Morisi, Stefano and
                        Pisanti, Ofelia and Vitagliano, Edoardo",
      title          = "{Decaying Leptophilic Dark Matter at IceCube}",
      journal        = "JCAP",
      volume         = "1512",
      year           = "2015",
      number         = "12",
      pages          = "055",
      doi            = "10.1088/1475-7516/2015/12/055",
      eprint         = "1507.01000",
      archivePrefix  = "arXiv",
      primaryClass   = "hep-ph",
      SLACcitation   = "%%CITATION = ARXIV:1507.01000;%%"
}

@article{Servant:2002aq,
      author         = "Servant, Geraldine and Tait, Timothy M. P.",
      title          = "{Is the lightest Kaluza-Klein particle a viable dark
                        matter candidate?}",
      journal        = "Nucl. Phys. B",
      volume         = "650",
      year           = "2003",
      pages          = "391-419",
      doi            = "10.1016/S0550-3213(02)01012-X",
      eprint         = "hep-ph/0206071",
      archivePrefix  = "arXiv",
      primaryClass   = "hep-ph",
      reportNumber   = "ANL-HEP-PR-02-032, EFI-02-74",
      SLACcitation   = "%%CITATION = HEP-PH/0206071;%%"
}

@article{Jungman:1995df,
      author         = "Jungman, Gerard and Kamionkowski, Marc and Griest, Kim",
      title          = "{Supersymmetric dark matter}",
      journal        = "Phys. Rept.",
      volume         = "267",
      year           = "1996",
      pages          = "195-373",
      doi            = "10.1016/0370-1573(95)00058-5",
      eprint         = "hep-ph/9506380",
      archivePrefix  = "arXiv",
      primaryClass   = "hep-ph",
      reportNumber   = "SU-4240-605, UCSD-PTH-95-02, IASSNS-HEP-95-14, CU-TP-677",
      SLACcitation   = "%%CITATION = HEP-PH/9506380;%%"
}

@article{Ade:2015xua,
      author         = "Ade, P. A. R. and others",
      title          = "{Planck 2015 results. XIII. Cosmological parameters}",
      collaboration  = "Planck",
      journal        = "Astron. Astrophys.",
      volume         = "594",
      year           = "2016",
      pages          = "A13",
      doi            = "10.1051/0004-6361/201525830",
      eprint         = "1502.01589",
      archivePrefix  = "arXiv",
      primaryClass   = "astro-ph.CO",
      SLACcitation   = "%%CITATION = ARXIV:1502.01589;%%"
}

@article{Bennett:2003bz,
      author         = "Bennett, C. L. and others",
      title          = "{First year Wilkinson Microwave Anisotropy Probe (WMAP)
                        observations: Preliminary maps and basic results}",
      collaboration  = "WMAP",
      journal        = "Astrophys. J. Suppl.",
      volume         = "148",
      year           = "2003",
      pages          = "1-27",
      doi            = "10.1086/377253",
      eprint         = "astro-ph/0302207",
      archivePrefix  = "arXiv",
      primaryClass   = "astro-ph",
      SLACcitation   = "%%CITATION = ASTRO-PH/0302207;%%"
}

@article{Rubin:1970zza,
      author         = "Rubin, Vera C. and Ford, Jr., W. Kent",
      title          = "{Rotation of the Andromeda Nebula from a Spectroscopic
                        Survey of Emission Regions}",
      journal        = "Astrophys. J.",
      volume         = "159",
      year           = "1970",
      pages          = "379-403",
      doi            = "10.1086/150317",
      SLACcitation   = "%%CITATION = ASJOA,159,379;%%"
}
@article{Zwicky:1933gu,
      author         = "Zwicky, F.",
      title          = "{Die Rotverschiebung von extragalaktischen Nebeln}",
      journal        = "Helv. Phys. Acta",
      volume         = "6",
      year           = "1933",
      pages          = "110-127",
      doi            = "10.1007/s10714-008-0707-4",
      note           = "[Gen. Rel. Grav.41,207(2009)]",
      SLACcitation   = "%%CITATION = HPACA,6,110;%%"
}

@article{Zha:2017vcs,
      author         = "Zha, M. and Liao, Wenying and Fan, Wande and Yu, Chunxu
                        and Chen, Minjun",
      title          = "{Gamma/Proton separation study for the LHAASO-WCDA
                        detector}",
      booktitle      = "{The Fluorescence detector Array of Single-pixel
                        Telescopes: Contributions to the 35th International Cosmic
                        Ray Conference (ICRC 2017)}",
      collaboration  = "LHAASO",
      journal        = "PoS",
      volume         = "ICRC2017",
      year           = "2018",
      pages          = "842",
      doi            = "10.22323/1.301.0842",
      SLACcitation   = "%%CITATION = POSCI,ICRC2017,842;%%"
}

@article{Hayashi:2016kcy,
      author         = "Hayashi, Kohei and Ichikawa, Koji and Matsumoto, Shigeki
                        and Ibe, Masahiro and Ishigaki, Miho N. and Sugai, Hajime",
      title          = "{Dark matter annihilation and decay from non-spherical
                        dark halos in galactic dwarf satellites}",
      journal        = "Mon. Not. Roy. Astron. Soc.",
      volume         = "461",
      year           = "2016",
      number         = "3",
      pages          = "2914-2928",
      doi            = "10.1093/mnras/stw1457",
      eprint         = "1603.08046",
      archivePrefix  = "arXiv",
      primaryClass   = "astro-ph.GA",
      SLACcitation   = "%%CITATION = ARXIV:1603.08046;%%"
}
@article{Pace:2018tin,
      author         = "Pace, Andrew B. and Strigari, Louis E.",
      title          = "{Scaling Relations for Dark Matter Annihilation and Decay
                        Profiles in Dwarf Spheroidal Galaxies}",
      journal        = "Mon. Not. Roy. Astron. Soc.",
      volume         = "482",
      year           = "2019",
      number         = "3",
      pages          = "3480-3496",
      doi            = "10.1093/mnras/sty2839",
      eprint         = "1802.06811",
      archivePrefix  = "arXiv",
      primaryClass   = "astro-ph.GA",
      SLACcitation   = "%%CITATION = ARXIV:1802.06811;%%"
}
@article{Bai:2019khm,
      author         = "Bai, X. and others",
      title          = "{The Large High Altitude Air Shower Observatory (LHAASO)
                        Science White Paper}",
      collaboration  = "LHAASO",
      year           = "2019",
      eprint         = "1905.02773",
      archivePrefix  = "arXiv",
      primaryClass   = "astro-ph.HE",
      SLACcitation   = "%%CITATION = ARXIV:1905.02773;%%"
}

@article{Albert:2007xh,
      author         = "Albert, J. and others",
      title          = "{VHE Gamma-Ray Observation of the Crab Nebula and Pulsar
                        with MAGIC}",
      collaboration  = "MAGIC",
      journal        = "Astrophys. J.",
      volume         = "674",
      year           = "2008",
      pages          = "1037-1055",
      doi            = "10.1086/525270",
      eprint         = "0705.3244",
      archivePrefix  = "arXiv",
      primaryClass   = "astro-ph",
      reportNumber   = "MPP-2007-59",
      SLACcitation   = "%%CITATION = ARXIV:0705.3244;%%"
}

@article{Furniss:2012zz,
      title          = "{VERITAS very high energy gamma-ray observations of
                        galaxies}",
      booktitle      = "{Beamed and unbeambed gamma-rays from galaxies.
                        Proceedings, International Workshop, Muonio, Finland,
                        April 11-15, 2011}",
      collaboration  = "VERITAS",
      journal        = "J. Phys. Conf. Ser.",
      volume         = "355",
      year           = "2012",
      pages          = "012002",
      doi            = "10.1088/1742-6596/355/1/012002",
      SLACcitation   = "%%CITATION = 00462,355,012002;%%"
}

@article{Hinton:2008zz,
      author         = "Hinton, J.",
      title          = "{Very high energy gamma-ray astronomy with HESS}",
      booktitle      = "{High energy physics. Proceedings, Europhysics
                        Conference, HEP 2007, Manchester, UK, July 19-25, 2007}",
      collaboration  = "H.E.S.S.",
      journal        = "J. Phys. Conf. Ser.",
      volume         = "110",
      year           = "2008",
      pages          = "062011",
      doi            = "10.1088/1742-6596/110/6/062011",
      SLACcitation   = "%%CITATION = 00462,110,062011;%%"
}

@article{Springel:2006vs,
      author         = "Springel, Volker and Frenk, Carlos S. and White, Simon D.
                        M.",
      title          = "{The large-scale structure of the Universe}",
      journal        = "Nature",
      volume         = "440",
      year           = "2006",
      pages          = "1137",
      doi            = "10.1038/nature04805",
      eprint         = "astro-ph/0604561",
      archivePrefix  = "arXiv",
      primaryClass   = "astro-ph",
      SLACcitation   = "%%CITATION = ASTRO-PH/0604561;%%"
}

@article{Maurin:2002ua,
      author         = "Maurin, David and Taillet, Richard and Donato, Fiorenza
                        and Salati, Pierre and Barrau, Aurelien and Boudoul,
                        Gaelle",
      title          = "{Galactic cosmic ray nuclei as a tool for astroparticle
                        physics}",
      year           = "2002",
      eprint         = "astro-ph/0212111",
      archivePrefix  = "arXiv",
      primaryClass   = "astro-ph",
      reportNumber   = "LAPTH-949",
      SLACcitation   = "%%CITATION = ASTRO-PH/0212111;%%"
}
@article{Corbelli:1999af,
      author         = "Corbelli, Edvige and Salucci, Paolo",
      title          = "{The Extended Rotation Curve and the Dark Matter Halo of
                        M33}",
      journal        = "Mon. Not. Roy. Astron. Soc.",
      volume         = "311",
      year           = "2000",
      pages          = "441-447",
      doi            = "10.1046/j.1365-8711.2000.03075.x",
      eprint         = "astro-ph/9909252",
      archivePrefix  = "arXiv",
      primaryClass   = "astro-ph",
      SLACcitation   = "%%CITATION = ASTRO-PH/9909252;%%"
}

@article{Clowe:2006eq,
      author         = "Clowe, Douglas and Bradac, Marusa and Gonzalez, Anthony
                        H. and Markevitch, Maxim and Randall, Scott W. and Jones,
                        Christine and Zaritsky, Dennis",
      title          = "{A direct empirical proof of the existence of dark
                        matter}",
      journal        = "Astrophys. J.",
      volume         = "648",
      year           = "2006",
      pages          = "L109-L113",
      doi            = "10.1086/508162",
      eprint         = "astro-ph/0608407",
      archivePrefix  = "arXiv",
      primaryClass   = "astro-ph",
      reportNumber   = "SLAC-PUB-12078",
      SLACcitation   = "%%CITATION = ASTRO-PH/0608407;%%"
}

@article{Ade:2015xua,
      author         = "Ade, P. A. R. and others",
      title          = "{Planck 2015 results. XIII. Cosmological parameters}",
      collaboration  = "Planck",
      journal        = "Astron. Astrophys.",
      volume         = "594",
      year           = "2016",
      pages          = "A13",
      doi            = "10.1051/0004-6361/201525830",
      eprint         = "1502.01589",
      archivePrefix  = "arXiv",
      primaryClass   = "astro-ph.CO",
      SLACcitation   = "%%CITATION = ARXIV:1502.01589;%%"
}

@incollection{Baer:2008uu,
      author         = "Baer, H. and Tata, Xerxes",
      title          = "{Dark matter and the LHC}",
      editor         = "Datta, Amitava and Mukhopadhyaya, Biswarup and
                        Raychaudhuri, Amitava and Gupta, Alok K. and Khetrapal, C.
                        L. and Padmanabhan, T. and Vijayan, M.",
      booktitle      = "Physics at the Large Hadron Collider",
      year           = "2009",
      pages          = "179-203",
      doi            = "10.1007/978-81-8489-295-6_12",
      eprint         = "0805.1905",
      archivePrefix  = "arXiv",
      primaryClass   = "hep-ph",
      SLACcitation   = "%%CITATION = ARXIV:0805.1905;%%"
}
@article{Patrignani:2016xqp,
      author         = "Patrignani, C. and others",
      title          = "{Review of Particle Physics}",
      collaboration  = "Particle Data Group",
      journal        = "Chin. Phys. C",
      volume         = "40",
      year           = "2016",
      number         = "10",
      pages          = "100001",
      doi            = "10.1088/1674-1137/40/10/100001",
      SLACcitation   = "%%CITATION = CHPHD,C40,100001;%%"
}

@article{Adam:2015rua,
      author         = "Adam, R. and others",
      title          = "{Planck 2015 results. I. Overview of products and
                        scientific results}",
      collaboration  = "Planck",
      journal        = "Astron. Astrophys.",
      volume         = "594",
      year           = "2016",
      pages          = "A1",
      doi            = "10.1051/0004-6361/201527101",
      eprint         = "1502.01582",
      archivePrefix  = "arXiv",
      primaryClass   = "astro-ph.CO",
      SLACcitation   = "%%CITATION = ARXIV:1502.01582;%%"
}

@article{Jungman:1995df,
      author         = "Jungman, Gerard and Kamionkowski, Marc and Griest, Kim",
      title          = "{Supersymmetric dark matter}",
      journal        = "Phys. Rept.",
      volume         = "267",
      year           = "1996",
      pages          = "195-373",
      doi            = "10.1016/0370-1573(95)00058-5",
      eprint         = "hep-ph/9506380",
      archivePrefix  = "arXiv",
      primaryClass   = "hep-ph",
      reportNumber   = "SU-4240-605, UCSD-PTH-95-02, IASSNS-HEP-95-14, CU-TP-677",
      SLACcitation   = "%%CITATION = HEP-PH/9506380;%%"
}

@article{Bergstrom:2000pn,
      author         = "Bergström, Lars",
      title          = "{Nonbaryonic dark matter: Observational evidence and
                        detection methods}",
      journal        = "Rept. Prog. Phys.",
      volume         = "63",
      year           = "2000",
      pages          = "793",
      doi            = "10.1088/0034-4885/63/5/2r3",
      eprint         = "hep-ph/0002126",
      archivePrefix  = "arXiv",
      primaryClass   = "hep-ph",
      SLACcitation   = "%%CITATION = HEP-PH/0002126;%%"
}

@article{Bertone:2004pz,
      author         = "Bertone, Gianfranco and Hooper, Dan and Silk, Joseph",
      title          = "{Particle dark matter: Evidence, candidates and
                        constraints}",
      journal        = "Phys. Rept.",
      volume         = "405",
      year           = "2005",
      pages          = "279-390",
      doi            = "10.1016/j.physrep.2004.08.031",
      eprint         = "hep-ph/0404175",
      archivePrefix  = "arXiv",
      primaryClass   = "hep-ph",
      reportNumber   = "FERMILAB-PUB-04-047-A",
      SLACcitation   = "%%CITATION = HEP-PH/0404175;%%"
}

@article{Ackermann:2010rg,
      author         = "Ackermann, M. and others",
      title          = "{Constraints on Dark Matter Annihilation in Clusters of
                        Galaxies with the Fermi Large Area Telescope}",
      journal        = "JCAP",
      volume         = "1005",
      year           = "2010",
      pages          = "025",
      doi            = "10.1088/1475-7516/2010/05/025",
      eprint         = "1002.2239",
      archivePrefix  = "arXiv",
      primaryClass   = "astro-ph.CO",
      reportNumber   = "SLAC-PUB-15246",
      SLACcitation   = "%%CITATION = ARXIV:1002.2239;%%"
}

@article{Hooper:2011ti,
      author         = "Hooper, Dan and Linden, Tim",
      title          = "{On The Origin Of The Gamma Rays From The Galactic
                        Center}",
      journal        = "Phys. Rev. D",
      volume         = "84",
      year           = "2011",
      pages          = "123005",
      doi            = "10.1103/PhysRevD.84.123005",
      eprint         = "1110.0006",
      archivePrefix  = "arXiv",
      primaryClass   = "astro-ph.HE",
      reportNumber   = "FERMILAB-PUB-11-505-A",
      SLACcitation   = "%%CITATION = ARXIV:1110.0006;%%"
}

@article{Ackermann:2012rg,
      author         = "Ackermann, M. and others",
      title          = "{Constraints on the Galactic Halo Dark Matter from
                        Fermi-LAT Diffuse Measurements}",
      collaboration  = "Fermi-LAT",
      journal        = "Astrophys. J.",
      volume         = "761",
      year           = "2012",
      pages          = "91",
      doi            = "10.1088/0004-637X/761/2/91",
      eprint         = "1205.6474",
      archivePrefix  = "arXiv",
      primaryClass   = "astro-ph.CO",
      reportNumber   = "SACLAY-T12-043",
      SLACcitation   = "%%CITATION = ARXIV:1205.6474;%%"
}
@article{Abazajian:2012pn,
      author         = "Abazajian, Kevork N. and Kaplinghat, Manoj",
      title          = "{Detection of a Gamma-Ray Source in the Galactic Center
                        Consistent with Extended Emission from Dark Matter
                        Annihilation and Concentrated Astrophysical Emission}",
      journal        = "Phys. Rev. D",
      volume         = "86",
      year           = "2012",
      pages          = "083511",
      doi            = "10.1103/PhysRevD.86.083511, 10.1103/PhysRevD.87.129902",
      note           = "[Erratum: Phys. Rev.D87,129902(2013)]",
      eprint         = "1207.6047",
      archivePrefix  = "arXiv",
      primaryClass   = "astro-ph.HE",
      SLACcitation   = "%%CITATION = ARXIV:1207.6047;%%"
}

@article{Abdo:2010nc,
      author         = "Abdo, A. A. and others",
      title          = "{Fermi LAT Search for Photon Lines from 30 to 200 GeV and
                        Dark Matter Implications}",
      journal        = "Phys. Rev. Lett.",
      volume         = "104",
      year           = "2010",
      pages          = "091302",
      doi            = "10.1103/PhysRevLett.104.091302",
      eprint         = "1001.4836",
      archivePrefix  = "arXiv",
      primaryClass   = "astro-ph.HE",
      reportNumber   = "SLAC-PUB-13948",
      SLACcitation   = "%%CITATION = ARXIV:1001.4836;%%"
}

@article{Ackermann:2012qk,
      author         = "Ackermann, M. and others",
      title          = "{Fermi LAT Search for Dark Matter in Gamma-ray Lines and
                        the Inclusive Photon Spectrum}",
      collaboration  = "Fermi-LAT",
      journal        = "Phys. Rev. D",
      volume         = "86",
      year           = "2012",
      pages          = "022002",
      doi            = "10.1103/PhysRevD.86.022002",
      eprint         = "1205.2739",
      archivePrefix  = "arXiv",
      primaryClass   = "astro-ph.HE",
      SLACcitation   = "%%CITATION = ARXIV:1205.2739;%%"
}

@article{Weniger:2012tx,
      author         = "Weniger, Christoph",
      title          = "{A Tentative Gamma-Ray Line from Dark Matter Annihilation
                        at the Fermi Large Area Telescope}",
      journal        = "JCAP",
      volume         = "1208",
      year           = "2012",
      pages          = "007",
      doi            = "10.1088/1475-7516/2012/08/007",
      eprint         = "1204.2797",
      archivePrefix  = "arXiv",
      primaryClass   = "hep-ph",
      reportNumber   = "MPP-2012-73",
      SLACcitation   = "%%CITATION = ARXIV:1204.2797;%%"
}
@article{Ackermann:2013uma,
      author         = "Ackermann, M. and others",
      title          = "{Search for Gamma-ray Spectral Lines with the Fermi Large
                        Area Telescope and Dark Matter Implications}",
      collaboration  = "Fermi-LAT",
      journal        = "Phys. Rev. D",
      volume         = "88",
      year           = "2013",
      pages          = "082002",
      doi            = "10.1103/PhysRevD.88.082002",
      eprint         = "1305.5597",
      archivePrefix  = "arXiv",
      primaryClass   = "astro-ph.HE",
      SLACcitation   = "%%CITATION = ARXIV:1305.5597;%%"
}

@article{Zechlin:2011kk,
      author         = "Zechlin, H. S. and Fernandes, M. V. and Elsaesser, D. and
                        Horns, D.",
      title          = "{Dark matter subhaloes as gamma-ray sources and
                        candidates in the first Fermi-LAT catalogue}",
      journal        = "Astron. Astrophys.",
      volume         = "538",
      year           = "2012",
      pages          = "A93",
      doi            = "10.1051/0004-6361/201117655",
      eprint         = "1111.3514",
      archivePrefix  = "arXiv",
      primaryClass   = "astro-ph.HE",
      SLACcitation   = "%%CITATION = ARXIV:1111.3514;%%"
}

@article{Ackermann:2012nb,
      author         = "Ackermann, M. and others",
      title          = "{Search for Dark Matter Satellites using the FERMI-LAT}",
      collaboration  = "Fermi-LAT",
      journal        = "Astrophys. J.",
      volume         = "747",
      year           = "2012",
      pages          = "121",
      doi            = "10.1088/0004-637X/747/2/121",
      eprint         = "1201.2691",
      archivePrefix  = "arXiv",
      primaryClass   = "astro-ph.HE",
      reportNumber   = "SLAC-PUB-14974",
      SLACcitation   = "%%CITATION = ARXIV:1201.2691;%%"
}

@article{Zechlin:2012by,
      author         = "Zechlin, Hannes-S. and Horns, Dieter",
      title          = "{Unidentified sources in the Fermi-LAT second source
                        catalog: the case for DM subhalos}",
      journal        = "JCAP",
      volume         = "1211",
      year           = "2012",
      pages          = "050",
      doi            = "10.1088/1475-7516/2012/11/050,
                        10.1088/1475-7516/2015/02/E01",
      note           = "[Erratum: JCAP1502,no.02,E01(2015)]",
      eprint         = "1210.3852",
      archivePrefix  = "arXiv",
      primaryClass   = "astro-ph.HE",
      SLACcitation   = "%%CITATION = ARXIV:1210.3852;%%"
}

@article{Cao:2010zz,
      author         = "Cao, Zhen",
      title          = "{A future project at Tibet: The large high altitude air
                        shower observatory (LHAASO)}",
      collaboration  = "LHAASO",
      journal        = "Chin. Phys. C",
      volume         = "34",
      year           = "2010",
      pages          = "249-252",
      doi            = "10.1088/1674-1137/34/2/018",
      SLACcitation   = "%%CITATION = CHPHD,C34,249;%%"
}

@article{Cao:2014rla,
      author         = "Cao, Zhen",
      title          = "{Status of LHAASO updates from ARGO-YBJ}",
      booktitle      = "{Proceedings, 4th Roma International Conference on
                        Astro-Particle Physics (RICAP 13): Rome, Italy, May 22-24,
                        2013}",
      collaboration  = "LHAASO",
      journal        = "Nucl. Instrum. Meth. A",
      volume         = "742",
      year           = "2014",
      pages          = "95-98",
      doi            = "10.1016/j.nima.2013.12.012",
      SLACcitation   = "%%CITATION = NUIMA,A742,95;%%"
}
@article{Acharya:2013sxa,
      author         = "Acharya, B. S. and others",
      title          = "{Introducing the CTA concept}",
      collaboration  = "CTA Consortium",
      journal        = "Astropart. Phys.",
      volume         = "43",
      year           = "2013",
      pages          = "3-18",
      doi            = "10.1016/j.astropartphys.2013.01.007",
      SLACcitation   = "%%CITATION = APHYE,43,3;%%"
}
@article{Cirelli:2010xx,
      author         = "Cirelli, Marco and Corcella, Gennaro and Hektor, Andi and
                        Hutsi, Gert and Kadastik, Mario and Panci, Paolo and
                        Raidal, Martti and Sala, Filippo and Strumia, Alessandro",
      title          = "{PPPC 4 DM ID: A Poor Particle Physicist Cookbook for
                        Dark Matter Indirect Detection}",
      journal        = "JCAP",
      volume         = "1103",
      year           = "2011",
      pages          = "051",
      doi            = "10.1088/1475-7516/2012/10/E01,
                        10.1088/1475-7516/2011/03/051",
      note           = "[Erratum: JCAP1210,E01(2012)]",
      eprint         = "1012.4515",
      archivePrefix  = "arXiv",
      primaryClass   = "hep-ph",
      reportNumber   = "CERN-PH-TH-2010-057, SACLAY-T10-025, IFUP-TH-2010-44",
      SLACcitation   = "%%CITATION = ARXIV:1012.4515;%%"
}
@article{Ciafaloni:2010ti,
      author         = "Ciafaloni, Paolo and Comelli, Denis and Riotto, Antonio
                        and Sala, Filippo and Strumia, Alessandro and Urbano,
                        Alfredo",
      title          = "{Weak Corrections are Relevant for Dark Matter Indirect
                        Detection}",
      journal        = "JCAP",
      volume         = "1103",
      year           = "2011",
      pages          = "019",
      doi            = "10.1088/1475-7516/2011/03/019",
      eprint         = "1009.0224",
      archivePrefix  = "arXiv",
      primaryClass   = "hep-ph",
      reportNumber   = "IFUP-TH-2010-24, CERN-PH-TH-2010-179",
      SLACcitation   = "%%CITATION = ARXIV:1009.0224;%%"
}
@article{Albert:2017vtb,
      author         = "Albert, A. and others",
      title          = "{Dark Matter Limits From Dwarf Spheroidal Galaxies with
                        The HAWC Gamma-Ray Observatory}",
      collaboration  = "HAWC",
      journal        = "Astrophys. J.",
      volume         = "853",
      year           = "2018",
      number         = "2",
      pages          = "154",
      doi            = "10.3847/1538-4357/aaa6d8",
      eprint         = "1706.01277",
      archivePrefix  = "arXiv",
      primaryClass   = "astro-ph.HE",
      SLACcitation   = "%%CITATION = ARXIV:1706.01277;%%"
}
@article{Hayashi:2016kcy,
      author         = "Hayashi, Kohei and Ichikawa, Koji and Matsumoto, Shigeki
                        and Ibe, Masahiro and Ishigaki, Miho N. and Sugai, Hajime",
      title          = "{Dark matter annihilation and decay from non-spherical
                        dark halos in galactic dwarf satellites}",
      journal        = "Mon. Not. Roy. Astron. Soc.",
      volume         = "461",
      year           = "2016",
      number         = "3",
      pages          = "2914-2928",
      doi            = "10.1093/mnras/stw1457",
      eprint         = "1603.08046",
      archivePrefix  = "arXiv",
      primaryClass   = "astro-ph.GA",
      SLACcitation   = "%%CITATION = ARXIV:1603.08046;%%"
}
@article{Abdo:2010ex,
      author         = "Abdo, A. A. and others",
      title          = "{Observations of Milky Way Dwarf Spheroidal galaxies with
                        the Fermi-LAT detector and constraints on Dark Matter
                        models}",
      collaboration  = "Fermi-LAT",
      journal        = "Astrophys. J.",
      volume         = "712",
      year           = "2010",
      pages          = "147-158",
      doi            = "10.1088/0004-637X/712/1/147",
      eprint         = "1001.4531",
      archivePrefix  = "arXiv",
      primaryClass   = "astro-ph.CO",
      reportNumber   = "SLAC-PUB-13949",
      SLACcitation   = "%%CITATION = ARXIV:1001.4531;%%"
}
@article{Ackermann:2011wa,
      author         = "Ackermann, M. and others",
      title          = "{Constraining Dark Matter Models from a Combined Analysis
                        of Milky Way Satellites with the Fermi Large Area
                        Telescope}",
      collaboration  = "Fermi-LAT",
      journal        = "Phys. Rev. Lett.",
      volume         = "107",
      year           = "2011",
      pages          = "241302",
      doi            = "10.1103/PhysRevLett.107.241302",
      eprint         = "1108.3546",
      archivePrefix  = "arXiv",
      primaryClass   = "astro-ph.HE",
      reportNumber   = "SLAC-PUB-15004",
      SLACcitation   = "%%CITATION = ARXIV:1108.3546;%%"
}
@article{GeringerSameth:2011iw,
      author         = "Geringer-Sameth, Alex and Koushiappas, Savvas M.",
      title          = "{Exclusion of canonical WIMPs by the joint analysis of
                        Milky Way dwarfs with Fermi}",
      journal        = "Phys. Rev. Lett.",
      volume         = "107",
      year           = "2011",
      pages          = "241303",
      doi            = "10.1103/PhysRevLett.107.241303",
      eprint         = "1108.2914",
      archivePrefix  = "arXiv",
      primaryClass   = "astro-ph.CO",
      SLACcitation   = "%%CITATION = ARXIV:1108.2914;%%"
}
@article{GeringerSameth:2012sr,
      author         = "Geringer-Sameth, Alex and Koushiappas, Savvas M.",
      title          = "{Dark matter line search using a joint analysis of dwarf
                        galaxies with the Fermi Gamma-ray Space Telescope}",
      journal        = "Phys. Rev. D",
      volume         = "86",
      year           = "2012",
      pages          = "021302",
      doi            = "10.1103/PhysRevD.86.021302",
      eprint         = "1206.0796",
      archivePrefix  = "arXiv",
      primaryClass   = "astro-ph.HE",
      SLACcitation   = "%%CITATION = ARXIV:1206.0796;%%"
}
@article{Geringer-Sameth:2014yza,
      author         = "Geringer-Sameth, Alex and Koushiappas, Savvas M. and
                        Walker, Matthew",
      title          = "{Dwarf galaxy annihilation and decay emission profiles
                        for dark matter experiments}",
      journal        = "Astrophys. J.",
      volume         = "801",
      year           = "2015",
      number         = "2",
      pages          = "74",
      doi            = "10.1088/0004-637X/801/2/74",
      eprint         = "1408.0002",
      archivePrefix  = "arXiv",
      primaryClass   = "astro-ph.CO",
      SLACcitation   = "%%CITATION = ARXIV:1408.0002;%%"
}
@article{Mazziotta:2012ux,
      author         = "Mazziotta, M. N. and Loparco, F. and de Palma, F. and
                        Giglietto, N.",
      title          = "{A model-independent analysis of the Fermi Large Area
                        Telescope gamma-ray data from the Milky Way dwarf galaxies
                        and halo to constrain dark matter scenarios}",
      journal        = "Astropart. Phys.",
      volume         = "37",
      year           = "2012",
      pages          = "26-39",
      doi            = "10.1016/j.astropartphys.2012.07.005",
      eprint         = "1203.6731",
      archivePrefix  = "arXiv",
      primaryClass   = "astro-ph.IM",
      SLACcitation   = "%%CITATION = ARXIV:1203.6731;%%"
}
@article{Baushev:2012ke,
      author         = "Baushev, A. N. and Federici, S. and Pohl, M.",
      title          = "{Spectral analysis of the gamma-ray background near the
                        dwarf Milky Way satellite Segue 1: Improved limits on the
                        cross section of neutralino dark matter annihilation}",
      journal        = "Phys. Rev. D",
      volume         = "86",
      year           = "2012",
      pages          = "063521",
      doi            = "10.1103/PhysRevD.86.063521",
      eprint         = "1205.3620",
      archivePrefix  = "arXiv",
      primaryClass   = "astro-ph.HE",
      SLACcitation   = "%%CITATION = ARXIV:1205.3620;%%"
}

@article{Huang:2012yf,
      author         = "Huang, Xiaoyuan and Yuan, Qiang and Yin, Peng-Fei and Bi,
                        Xiao-Jun and Chen, Xuelei",
      title          = "{Constraints on the dark matter annihilation scenario of
                        Fermi 130 GeV $\gamma$-ray line emission by continuous
                        gamma-rays, Milky Way halo, galaxy clusters and dwarf
                        galaxies observations}",
      journal        = "JCAP",
      volume         = "1211",
      year           = "2012",
      pages          = "048",
      doi            = "10.1088/1475-7516/2012/11/048,
                        10.1088/1475-7516/2013/05/E02",
      note           = "[Erratum: JCAP1305,E02(2013)]",
      eprint         = "1208.0267",
      archivePrefix  = "arXiv",
      primaryClass   = "astro-ph.HE",
      SLACcitation   = "%%CITATION = ARXIV:1208.0267;%%"
}
@article{Ackermann:2013yva,
      author         = "Ackermann, M. and others",
      title          = "{Dark matter constraints from observations of 25
                        Milky Way satellite galaxies with the Fermi Large Area
                        Telescope}",
      collaboration  = "Fermi-LAT",
      journal        = "Phys. Rev. D",
      volume         = "89",
      year           = "2014",
      pages          = "042001",
      doi            = "10.1103/PhysRevD.89.042001",
      eprint         = "1310.0828",
      archivePrefix  = "arXiv",
      primaryClass   = "astro-ph.HE",
      reportNumber   = "FERMILAB-PUB-13-683-A",
      SLACcitation   = "%%CITATION = ARXIV:1310.0828;%%"
}

@article{Ackermann:2015zua,
      author         = "Ackermann, M. and others",
      title          = "{Searching for Dark Matter Annihilation from Milky Way
                        Dwarf Spheroidal Galaxies with Six Years of Fermi Large
                        Area Telescope Data}",
      collaboration  = "Fermi-LAT",
      journal        = "Phys. Rev. Lett.",
      volume         = "115",
      year           = "2015",
      number         = "23",
      pages          = "231301",
      doi            = "10.1103/PhysRevLett.115.231301",
      eprint         = "1503.02641",
      archivePrefix  = "arXiv",
      primaryClass   = "astro-ph.HE",
      reportNumber   = "FERMILAB-PUB-15-081-AE",
      SLACcitation   = "%%CITATION = ARXIV:1503.02641;%%"
}
@article{Tsai:2012cs,
      author         = "Tsai, Yue-Lin Sming and Yuan, Qiang and Huang, Xiaoyuan",
      title          = "{A generic method to constrain the dark matter model
                        parameters from Fermi observations of dwarf spheroids}",
      journal        = "JCAP",
      volume         = "1303",
      year           = "2013",
      pages          = "018",
      doi            = "10.1088/1475-7516/2013/03/018",
      eprint         = "1212.3990",
      archivePrefix  = "arXiv",
      primaryClass   = "astro-ph.HE",
      SLACcitation   = "%%CITATION = ARXIV:1212.3990;%%"
}
@article{Aliu:2012ga,
      author         = "Aliu, E. and others",
      title          = "{VERITAS Deep Observations of the Dwarf Spheroidal Galaxy
                        Segue 1}",
      collaboration  = "VERITAS",
      journal        = "Phys. Rev. D",
      volume         = "85",
      year           = "2012",
      pages          = "062001",
      doi            = "10.1103/PhysRevD.85.062001, 10.1103/PhysRevD.91.129903",
      note           = "[Erratum: Phys. Rev.D91,no.12,129903(2015)]",
      eprint         = "1202.2144",
      archivePrefix  = "arXiv",
      primaryClass   = "astro-ph.HE",
      SLACcitation   = "%%CITATION = ARXIV:1202.2144;%%"
}
@article{Abramowski:2014tra,
      author         = "Abramowski, A. and others",
      title          = "{Search for dark matter annihilation signatures in
                        H.E.S.S. observations of Dwarf Spheroidal Galaxies}",
      collaboration  = "H.E.S.S.",
      journal        = "Phys. Rev. D",
      volume         = "90",
      year           = "2014",
      pages          = "112012",
      doi            = "10.1103/PhysRevD.90.112012",
      eprint         = "1410.2589",
      archivePrefix  = "arXiv",
      primaryClass   = "astro-ph.HE",
      SLACcitation   = "%%CITATION = ARXIV:1410.2589;%%"
}
@article{Ahnen:2016qkx,
      author         = "Ahnen, M. L. and others",
      title          = "{Limits to Dark Matter Annihilation Cross-Section from a
                        Combined Analysis of MAGIC and Fermi-LAT Observations of
                        Dwarf Satellite Galaxies}",
      collaboration  = "MAGIC, Fermi-LAT",
      journal        = "JCAP",
      volume         = "1602",
      year           = "2016",
      number         = "02",
      pages          = "039",
      doi            = "10.1088/1475-7516/2016/02/039",
      eprint         = "1601.06590",
      archivePrefix  = "arXiv",
      primaryClass   = "astro-ph.HE",
      reportNumber   = "FERMILAB-PUB-16-283-AE",
      SLACcitation   = "%%CITATION = ARXIV:1601.06590;%%"
}
@article{Fermi-LAT:2016uux,
      author         = "Albert, A. and others",
      title          = "{Searching for Dark Matter Annihilation in Recently
                        Discovered Milky Way Satellites with Fermi-LAT}",
      collaboration  = "Fermi-LAT, DES",
      journal        = "Astrophys. J.",
      volume         = "834",
      year           = "2017",
      number         = "2",
      pages          = "110",
      doi            = "10.3847/1538-4357/834/2/110",
      eprint         = "1611.03184",
      archivePrefix  = "arXiv",
      primaryClass   = "astro-ph.HE",
      reportNumber   = "FERMILAB-PUB-16-073-AE",
      SLACcitation   = "%%CITATION = ARXIV:1611.03184;%%"
}
@article{Grcevich:2009gt,
      author         = "Grcevich, Jana and Putman, Mary E",
      title          = "{HI in Local Group Dwarf Galaxies and Stripping by the
                        Galactic Halo}",
      journal        = "Astrophys. J.",
      volume         = "696",
      year           = "2009",
      pages          = "385-395",
      doi            = "10.1088/0004-637X/721/1/922, 10.1088/0004-637X/696/1/385",
      note           = "[Erratum: Astrophys. J.721,922(2010)]",
      eprint         = "0901.4975",
      archivePrefix  = "arXiv",
      primaryClass   = "astro-ph.GA",
      SLACcitation   = "%%CITATION = ARXIV:0901.4975;%%"
}
@article{Mateo:1998wg,
      author         = "Mateo, Mario",
      title          = "{Dwarf galaxies of the Local Group}",
      journal        = "Ann. Rev. Astron. Astrophys.",
      volume         = "36",
      year           = "1998",
      pages          = "435-506",
      doi            = "10.1146/annurev.astro.36.1.435",
      eprint         = "astro-ph/9810070",
      archivePrefix  = "arXiv",
      primaryClass   = "astro-ph",
      SLACcitation   = "%%CITATION = ASTRO-PH/9810070;%%"
}

@article{Cholis:2012am,
      author         = "Cholis, Ilias and Salucci, Paolo",
      title          = "{Extracting limits on Dark Matter annihilation from
                        gamma-ray observations towards dwarf spheroidal galaxies}",
      journal        = "Phys. Rev. D",
      volume         = "86",
      year           = "2012",
      pages          = "023528",
      doi            = "10.1103/PhysRevD.86.023528",
      eprint         = "1203.2954",
      archivePrefix  = "arXiv",
      primaryClass   = "astro-ph.HE",
      SLACcitation   = "%%CITATION = ARXIV:1203.2954;%%"
}
@article{Panov:2011ak,
      author         = "Panov, A. D. and others",
      title          = "{Energy Spectra of Abundant Nuclei of Primary Cosmic Rays
                        from the Data of ATIC-2 Experiment: Final Results}",
      booktitle      = "{Proceedings, 30th Russian Cosmic Ray Conference: St.
                        Petersburg, Russia, July 2-7, 2009}",
      journal        = "Bull. Russ. Acad. Sci. Phys.",
      volume         = "73",
      year           = "2009",
      number         = "5",
      pages          = "564-567",
      doi            = "10.3103/S1062873809050098",
      note           = "[Izv. Ross. Akad. Nauk Ser. Fiz.73,602(2009)]",
      eprint         = "1101.3246",
      archivePrefix  = "arXiv",
      primaryClass   = "astro-ph.HE",
      SLACcitation   = "%%CITATION = ARXIV:1101.3246;%%"
}

@article{Yoon:2011aa,
      author         = "Yoon, Y. S. and others",
      title          = "{Cosmic-Ray Proton and Helium Spectra from the First
                        CREAM Flight}",
      journal        = "Astrophys. J.",
      volume         = "728",
      year           = "2011",
      pages          = "122",
      doi            = "10.1088/0004-637X/728/2/122",
      eprint         = "1102.2575",
      archivePrefix  = "arXiv",
      primaryClass   = "astro-ph.HE",
      SLACcitation   = "%%CITATION = ARXIV:1102.2575;%%"
}
@article{Lefranc:2016dgx,
      author         = "Lefranc, Valentin and Mamon, Gary A. and Panci, Paolo",
      title          = "{Prospects for annihilating Dark Matter towards Milky
                        Way's dwarf galaxies by the Cherenkov Telescope Array}",
      journal        = "JCAP",
      volume         = "1609",
      year           = "2016",
      number         = "09",
      pages          = "021",
      doi            = "10.1088/1475-7516/2016/09/021",
      eprint         = "1605.02793",
      archivePrefix  = "arXiv",
      primaryClass   = "astro-ph.HE",
      reportNumber   = "IRFU-15-36",
      SLACcitation   = "%%CITATION = ARXIV:1605.02793;%%"
}
@article{Evans:2003sc,
      author         = "Evans, N. W. and Ferrer, F. and Sarkar, Subir",
      title          = "{A 'Baedecker' for the dark matter annihilation signal}",
      journal        = "Phys. Rev. D",
      volume         = "69",
      year           = "2004",
      pages          = "123501",
      doi            = "10.1103/PhysRevD.69.123501",
      eprint         = "astro-ph/0311145",
      archivePrefix  = "arXiv",
      primaryClass   = "astro-ph",
      SLACcitation   = "%%CITATION = ASTRO-PH/0311145;%%"
}

@article{Strigari:2007at,
      author         = "Strigari, Louis E. and Koushiappas, Savvas Michael and
                        Bullock, James S. and Kaplinghat, Manoj and Simon, Joshua
                        D. and Geha, Marla and Willman, Beth",
      title          = "{The Most Dark Matter Dominated Galaxies: Predicted
                        Gamma-ray Signals from the Faintest Milky Way Dwarfs}",
      journal        = "Astrophys. J.",
      volume         = "678",
      year           = "2008",
      pages          = "614",
      doi            = "10.1086/529488",
      eprint         = "0709.1510",
      archivePrefix  = "arXiv",
      primaryClass   = "astro-ph",
      SLACcitation   = "%%CITATION = ARXIV:0709.1510;%%"
}
@article{Martinez:2009jh,
      author         = "Martinez, Gregory D. and Bullock, James S. and
                        Kaplinghat, Manoj and Strigari, Louis E. and Trotta,
                        Roberto",
      title          = "{Indirect Dark Matter Detection from Dwarf Satellites:
                        Joint Expectations from Astrophysics and Supersymmetry}",
      journal        = "JCAP",
      volume         = "0906",
      year           = "2009",
      pages          = "014",
      doi            = "10.1088/1475-7516/2009/06/014",
      eprint         = "0902.4715",
      archivePrefix  = "arXiv",
      primaryClass   = "astro-ph.HE",
      SLACcitation   = "%%CITATION = ARXIV:0902.4715;%%"
}
@article{Rolke:2004mj,
      author         = "Rolke, Wolfgang A. and Lopez, Angel M. and Conrad, Jan",
      title          = "{Limits and confidence intervals in the presence of
                        nuisance parameters}",
      journal        = "Nucl. Instrum. Meth. A",
      volume         = "551",
      year           = "2005",
      pages          = "493-503",
      doi            = "10.1016/j.nima.2005.05.068",
      eprint         = "physics/0403059",
      archivePrefix  = "arXiv",
      primaryClass   = "physics",
      SLACcitation   = "%%CITATION = PHYSICS/0403059;%%"
}
@article{Hutten:2016jko,
      author         = "Hütten, M. and Combet, C. and Maier, G. and Maurin, D.",
      title          = "{Dark matter substructure modelling and sensitivity of
                        the Cherenkov Telescope Array to Galactic dark halos}",
      journal        = "JCAP",
      volume         = "1609",
      year           = "2016",
      number         = "09",
      pages          = "047",
      doi            = "10.1088/1475-7516/2016/09/047",
      eprint         = "1606.04898",
      archivePrefix  = "arXiv",
      primaryClass   = "astro-ph.HE",
      reportNumber   = "DESY-16-124",
      SLACcitation   = "%%CITATION = ARXIV:1606.04898;%%"
}
@article{Derbina:2005ta,
      author         = "Derbina, V. A. and others",
      title          = "{Cosmic-ray spectra and composition in the energy range
                        of 10-TeV - 1000-TeV per particle obtained by the RUNJOB
                        experiment}",
      collaboration  = "RUNJOB",
      journal        = "Astrophys. J.",
      volume         = "628",
      year           = "2005",
      pages          = "L41-L44",
      doi            = "10.1086/432715",
      SLACcitation   = "%%CITATION = ASJOA,628,L41;%%"
}


@article{Guo:2017deu,
      author         = "Guo, Juan-Juan and Zhang, Jing-Fei and Li, Yun-He and He,
                        Dong-Ze and Zhang, Xin",
      title          = "{Probing the sign-changeable interaction between dark
                        energy and dark matter with current observations}",
      journal        = "Sci. China Phys. Mech. Astron.",
      volume         = "61",
      year           = "2018",
      number         = "3",
      pages          = "030011",
      doi            = "10.1007/s11433-017-9131-9",
      eprint         = "1710.03068",
      archivePrefix  = "arXiv",
      primaryClass   = "astro-ph.CO",
      SLACcitation   = "%%CITATION = ARXIV:1710.03068;%%"
}
@article{Zhao:2017urm,
      author         = "Zhao, Ming-Ming and He, Dong-Ze and Zhang, Jing-Fei and
                        Zhang, Xin",
      title          = "{Search for sterile neutrinos in holographic dark energy
                        cosmology: Reconciling Planck observation with the local
                        measurement of the Hubble constant}",
      journal        = "Phys. Rev. D",
      volume         = "96",
      year           = "2017",
      number         = "4",
      pages          = "043520",
      doi            = "10.1103/PhysRevD.96.043520",
      eprint         = "1703.08456",
      archivePrefix  = "arXiv",
      primaryClass   = "astro-ph.CO",
      SLACcitation   = "%%CITATION = ARXIV:1703.08456;%%"
}
@article{GeringerSameth:2011iw,
      author         = "Geringer-Sameth, Alex and Koushiappas, Savvas M.",
      title          = "{Exclusion of canonical WIMPs by the joint analysis of
                        Milky Way dwarfs with Fermi}",
      journal        = "Phys. Rev. Lett.",
      volume         = "107",
      year           = "2011",
      pages          = "241303",
      doi            = "10.1103/PhysRevLett.107.241303",
      eprint         = "1108.2914",
      archivePrefix  = "arXiv",
      primaryClass   = "astro-ph.CO",
      SLACcitation   = "%%CITATION = ARXIV:1108.2914;%%"
}
@article{He:2016rvp,
      author         = "He, Dong-Ze and Zhang, Jing-Fei and Zhang, Xin",
      title          = "{Redshift drift constraints on holographic dark energy}",
      journal        = "Sci. China Phys. Mech. Astron.",
      volume         = "60",
      year           = "2017",
      number         = "3",
      pages          = "039511",
      doi            = "10.1007/s11433-016-0472-1",
      eprint         = "1607.05643",
      archivePrefix  = "arXiv",
      primaryClass   = "astro-ph.CO",
      SLACcitation   = "%%CITATION = ARXIV:1607.05643;%%"
}
@article{Geng:2015hen,
      author         = "Geng, Jia-Jia and Guo, Rui-Yun and He, Dong-Ze and Zhang,
                        Jing-Fei and Zhang, Xin",
      title          = "{Redshift drift constraints on $f(T)$ gravity}",
      journal        = "Front. Phys.(Beijing)",
      volume         = "10",
      year           = "2015",
      pages          = "109501",
      doi            = "10.1007/s11467-015-0507-8",
      eprint         = "1511.06957",
      archivePrefix  = "arXiv",
      primaryClass   = "astro-ph.CO",
      SLACcitation   = "%%CITATION = ARXIV:1511.06957;%%"
}

@article{He:2019dya,
      author         = "He, Dong-Ze and Bi, Xiao-Jun and Lin, Su-Jie and Yin,
                        Peng-Fei and Zhang, Xin",
      title          = "{Prospect for dark matter signatures from dwarf galaxies
                        by LHAASO}",
      year           = "2019",
      eprint         = "1903.11910",
      archivePrefix  = "arXiv",
      primaryClass   = "astro-ph.HE",
      SLACcitation   = "%%CITATION = ARXIV:1903.11910;%%"
}

@article{Moroi:1999zb,
      author         = "Moroi, Takeo and Randall, Lisa",
      title          = "{Wino cold dark matter from anomaly mediated SUSY
                        breaking}",
      journal        = "Nucl. Phys.",
      volume         = "B570",
      year           = "2000",
      pages          = "455-472",
      doi            = "10.1016/S0550-3213(99)00748-8",
      eprint         = "hep-ph/9906527",
      archivePrefix  = "arXiv",
      primaryClass   = "hep-ph",
      reportNumber   = "IASSNS-HEP-99-54, PUPT-1873, MIT-CTP-2873",
      SLACcitation   = "%%CITATION = HEP-PH/9906527;%%"
}


@article{Fujii:2002kr,
      author         = "Fujii, Masaaki and Hamaguchi, Koichi",
      title          = "{Nonthermal dark matter via Affleck-Dine baryogenesis and
                        its detection possibility}",
      journal        = "Phys. Rev.",
      volume         = "D66",
      year           = "2002",
      pages          = "083501",
      doi            = "10.1103/PhysRevD.66.083501",
      eprint         = "hep-ph/0205044",
      archivePrefix  = "arXiv",
      primaryClass   = "hep-ph",
      SLACcitation   = "%%CITATION = HEP-PH/0205044;%%"
}

@article{Jeannerot:1999yn,
      author         = "Jeannerot, R. and Zhang, X. and Brandenberger, Robert H.",
      title          = "{Non-thermal production of neutralino cold dark matter
                        from cosmic string decays}",
      journal        = "JHEP",
      volume         = "12",
      year           = "1999",
      pages          = "003",
      doi            = "10.1088/1126-6708/1999/12/003",
      eprint         = "hep-ph/9901357",
      archivePrefix  = "arXiv",
      primaryClass   = "hep-ph",
      reportNumber   = "BROWN-HET-1160, IC-98-236",
      SLACcitation   = "%%CITATION = HEP-PH/9901357;%%"
}

@article{Hernquist:1990be,
      author         = "Hernquist, Lars",
      title          = "{An Analytical Model for Spherical Galaxies and Bulges}",
      journal        = "Astrophys. J.",
      volume         = "356",
      year           = "1990",
      pages          = "359",
      doi            = "10.1086/168845",
      reportNumber   = "IASSNS-AST-89-63",
      SLACcitation   = "%%CITATION = ASJOA,356,359;%%"
}

@article{Zhao:1995cp,
      author         = "Zhao, HongSheng",
      title          = "{Analytical models for galactic nuclei}",
      journal        = "Mon. Not. Roy. Astron. Soc.",
      volume         = "278",
      year           = "1996",
      pages          = "488-496",
      doi            = "10.1093/mnras/278.2.488",
      eprint         = "astro-ph/9509122",
      archivePrefix  = "arXiv",
      primaryClass   = "astro-ph",
      reportNumber   = "MPA-885",
      SLACcitation   = "%%CITATION = ASTRO-PH/9509122;%%"
}

@article{Graham:2005xx,
      author         = "Merritt, David and Graham, Alister W. and Moore, Ben and
                        Diemand, Juerg and Terzic, Balsa",
      title          = "{Empirical models for Dark Matter Halos. I. Nonparametric
                        Construction of Density Profiles and Comparison with
                        Parametric Models}",
      journal        = "Astron. J.",
      volume         = "132",
      year           = "2006",
      pages          = "2685-2700",
      doi            = "10.1086/508988",
      eprint         = "astro-ph/0509417",
      archivePrefix  = "arXiv",
      primaryClass   = "astro-ph",
      SLACcitation   = "%%CITATION = ASTRO-PH/0509417;%%"
}

@article{Bonnivard:2014kza,
      author         = "Bonnivard, V. and Combet, C. and Maurin, D. and Walker,
                        M. G.",
      title          = "{Spherical Jeans analysis for dark matter indirect
                        detection in dwarf spheroidal galaxies - Impact of
                        physical parameters and triaxiality}",
      journal        = "Mon. Not. Roy. Astron. Soc.",
      volume         = "446",
      year           = "2015",
      pages          = "3002-3021",
      doi            = "10.1093/mnras/stu2296",
      eprint         = "1407.7822",
      archivePrefix  = "arXiv",
      primaryClass   = "astro-ph.HE",
      SLACcitation   = "%%CITATION = ARXIV:1407.7822;%%"
}
@article{Strong:1998fr,
	author        = {Strong, Andrew W. and Moskalenko, Igor V. and Reimer, Olaf},
	journal       = {Astrophys. J.},
	note          = {[Erratum: Astrophys. J.541,1109(2000)]},
	pages         = {763-784},
	title         = {Diffuse continuum gamma-rays from the galaxy},
	volume        = {537},
	year          = {2000},
	Doi           = {10.1086/309038},
	eprint        = {astro-ph/9811296},
	archivePrefix = {arXiv},
	primaryClass  = {astro-ph},
	SLACcitation  = {%%CITATION = ASTRO-PH/9811296;%%},
}

@article{Zhang:2005tp,
	author        = {Zhang, Jian-Li and Bi, Xiao-Jun and Hu, Hong-Bo},
	journal       = {Astron. Astrophys.},
	pages         = {641},
	title         = {VHE gamma-ray absorption by galactic interstellar radiation field},
	volume        = {449},
	year          = {2006},
	Doi           = {10.1051/0004-6361:20054422},
	eprint        = {astro-ph/0508236},
	archivePrefix = {arXiv},
	primaryClass  = {astro-ph},
	SLACcitation  = {%%CITATION = ASTRO-PH/0508236;%%},
}

